<record><leader>00000cas a22000007a 4500</leader><controlfield tag="001">13306385</controlfield><controlfield tag="008">860318d1896190uwvuwr ne      0    0eng d</controlfield><datafield ind1=" " ind2=" " tag="010"><subfield code="a">sn 86092416 </subfield></datafield><datafield ind1=" " ind2=" " tag="040"><subfield code="a">WVC</subfield><subfield code="b">eng</subfield><subfield code="c">WVC</subfield><subfield code="d">OCL</subfield><subfield code="d">OCLCQ</subfield></datafield><datafield ind1=" " ind2=" " tag="042"><subfield code="a">msc</subfield></datafield><datafield ind1="0" ind2=" " tag="130"><subfield code="a">Wetzel independent (Hundred, W. Va. : 1896)</subfield></datafield><datafield ind1="1" ind2="0" tag="245"><subfield code="a">Wetzel independent.</subfield></datafield><datafield ind1=" " ind2=" " tag="260"><subfield code="a">Hundred, W. Va. :</subfield><subfield code="b">Hundred Print. Co.</subfield></datafield><datafield ind1=" " ind2=" " tag="300"><subfield code="a">v.</subfield></datafield><datafield ind1=" " ind2=" " tag="310"><subfield code="a">Weekly</subfield></datafield><datafield ind1="1" ind2=" " tag="362"><subfield code="a">Began in 1896?; ceased after 1901.</subfield><subfield code="z">Cf. W. Va. State Gazetteers.</subfield></datafield><datafield ind1=" " ind2=" " tag="500"><subfield code="a">Officers of the Hundred Printing Co. were W.W. &amp; C.N. Roberts. Cf. Gazetteers.</subfield></datafield><datafield ind1=" " ind2=" " tag="500"><subfield code="a">Editor: W.W. Roberts. Cf. McEldowney, John C., Jr. Hist. of Wetzel Co.</subfield></datafield><datafield ind1=" " ind2=" " tag="588"><subfield code="a">Description based on: Vol. 2, no. 37 (July 28, 1898).</subfield></datafield><datafield ind1=" " ind2=" " tag="752"><subfield code="a">United States</subfield><subfield code="b">West Virginia</subfield><subfield code="c">Wetzel</subfield><subfield code="d">Hundred.</subfield></datafield></record>